@inproceedings{OnlineEvo,
 author = {Justesen, Niels and Risi, Sebastian},
 title = {Continual Online Evolutionary Planning for In-game Build Order Adaptation in StarCraft},
 booktitle = {Proceedings of the Genetic and Evolutionary Computation Conference},
 year = {2017},
 pages = {187--194},
 publisher = {ACM},
} 

@inproceedings{GoalDriven,
title={Applying Goal-Driven Autonomy to StarCraft.},
author={Weber, Ben George and Mateas, Michael and Jhala, Arnav},
conference={Proceedings of the Sixth AAAI Conference on Artificial Intelligence and Interactive Digital Entertainment} 
publisher={AAAI},
year={2010}
}

@paper{MM,
author = {Jay Young and Nick Hawes},
title = {Learning Micro-Management Skills in RTS Games by Imitating Experts},
conference = {AAAI Conference on Artificial Intelligence and Interactive Digital Entertainment},
publisher={AAAI},
year = {2014},
}

@article{POSH,
author = {Brom, Cyril and Gemrot, Jakub and B ´ ida, Michal and Burkert, Ondrej and J. Partington, Sam and Bryson, Joanna},
title = {POSH Tools for Game Agent Development by Students and Non-Programmers},
year = {2006},
month = {Jan},
}

@unknown{Swen,
author = {Gaudl, Swen and Davies, Simon and Bryson, Joanna},
title = {Behaviour Oriented Design for Real-Time-Strategy Games: An Approach on Iterative Development for sc StarCraft AI},
conference = {Foundations of Digital Games (FDG)}
year = {2013},
month = {Jun},
pages = {198-205},
}

@INPROCEEDINGS{UnitsControl,
author={G. Synnaeve and P. Bessière},
booktitle={2011 IEEE Conference on Computational Intelligence and Games (CIG'11)},
title={A Bayesian model for RTS units control applied to StarCraft},
year={2011},
pages={190-196},
month={Aug},
}

@INPROCEEDINGS{ReplayPred,
author={H. C. Cho and K. J. Kim and S. B. Cho},
booktitle={2013 IEEE Conference on Computational Inteligence in Games (CIG)},
title={Replay-based strategy prediction and build order adaptation for StarCraft AI bots},
year={2013},
pages={1-7},
month={Aug},
}

@ARTICLE{Survey,
author={S. Ontañón and G. Synnaeve and A. Uriarte and F. Richoux and D. Churchill and M. Preuss},
journal={IEEE Transactions on Computational Intelligence and AI in Games},
title={A Survey of Real-Time Strategy Game AI Research and Competition in StarCraft},
year={2013},
volume={5},
pages={293-311},
month={Dec},
}

@INPROCEEDINGS{SpecialTactics,
author={G. Synnaeve and P. Bessière},
booktitle={2012 IEEE Conference on Computational Intelligence and Games (CIG)},
title={Special tactics: A Bayesian approach to tactical decision-making},
year={2012},
pages={409-416},
month={Sept},
}

@paper{Dataset,
author = {Gabriel Synnaeve and Pierre Bessière},
title = {A Dataset for StarCraft AI and an Example of Armies Clustering},
conference = {AAAI Conference on Artificial Intelligence and Interactive Digital Entertainment},
year = {2012},
}

@paper{Dataset17,
author = {Zeming Lin and Jonas Gehring and Vasil Khalidov and Gabriel Synnaeve},
title = {STARDATA: A StarCraft AI Research Dataset},
conference = {AAAI Conference on Artificial Intelligence and Interactive Digital Entertainment},
year = {2017},
}

@inproceedings{Scouting,
 author = {Park, Hyunsoo and Cho, Ho-Chul and Lee, KwangYeol and Kim, Kyung-Joong},
 title = {Prediction of Early Stage Opponents Strategy for StarCraft AI Using Scouting and Machine Learning},
 booktitle = {Proceedings of the Workshop at SIGGRAPH Asia},
 year = {2012},
 pages = {7--12},
 publisher = {ACM},
} 

@paper{Hierarchical,
author = {Marius Stanescu and Nicolas Barriga and Michael Buro},
title = {Hierarchical Adversarial Search Applied to Real-Time Strategy Games},
conference = {AAAI Conference on Artificial Intelligence and Interactive Digital Entertainment},
year = {2014},
}

@paper{Agents,
author = {David Churchill and Michael Buro},
title = {Incorporating Search Algorithms into RTS Game Agents},
conference = {AAAI Conference on Artificial Intelligence and Interactive Digital Entertainment},
year = {2012},
}

@INPROCEEDINGS{DataMine,
author={B. G. Weber and M. Mateas},
booktitle={2009 IEEE Symposium on Computational Intelligence and Games},
title={A data mining approach to strategy prediction},
year={2009},
pages={140-147},
month={Sept},
}

@paper{BuildOrder,
author = {David Churchill and Michael Buro},
title = {Build Order Optimization in StarCraft},
conference = {AAAI Conference on Artificial Intelligence and Interactive Digital Entertainment},
year = {2011},
}

@INPROCEEDINGS{Bayesian,
author={G. Synnaeve and P. Bessière},
booktitle={2011 IEEE Conference on Computational Intelligence and Games (CIG'11)},
title={A Bayesian model for opening prediction in RTS games with application to StarCraft},
year={2011},
pages={281-288},
month={Aug},
}

@INPROCEEDINGS{NeuralGA,
author={C. K. Tong and C. K. On and J. Teo and A. M. J. Kiring},
booktitle={2011 Sixth International Conference on Bio-Inspired Computing: Theories and Applications},
title={Evolving Neural Controllers Using GA for Warcraft 3-Real Time Strategy Game},
year={2011},
pages={15-20},
month={Sept},
}

@inproceedings{EvalHuman,
 author = {Kim, Man-Je and Kim, Kyung-Joong and Kim, SeungJun and Dey, Anind K.},
 title = {Evaluation of StarCraft Artificial Intelligence Competition Bots by Experienced Human Players},
 booktitle = {Proceedings of the 2016 CHI Conference Extended Abstracts on Human Factors in Computing Systems},
 year = {2016},
 pages = {1915--1921},
 publisher = {ACM},
} 

@INPROCEEDINGS{Swarm,
author={A. R. Tavares and H. Azpúrua and L. Chaimowicz},
booktitle={2014 Brazilian Symposium on Computer Games and Digital Entertainment},
title={Evolving Swarm Intelligence for Task Allocation in a Real Time Strategy Game},
year={2014},
pages={99-108},
month={Nov},
}

@INPROCEEDINGS{SOMA,
author={I. Zelinka and L. Sikora},
booktitle={2015 IEEE Conference on Computational Intelligence and Games (CIG)},
title={StarCraft: Brood War #x2014; Strategy powered by the SOMA swarm algorithm},
year={2015},
pages={511-516},
month={Aug},
}

@INPROCEEDINGS{EffectiveMicro,
author={S. Liu and S. J. Louis and C. Ballinger},
booktitle={2014 IEEE Conference on Computational Intelligence and Games},
title={Evolving effective micro behaviors in RTS game},
year={2014},
pages={1-8},
month={Aug},
}

@inproceedings{ELGoal,
title={Evolutionary Learning of Goal Priorities in a Real-Time Strategy Game.},
author={Young, Jay and Hawes, Nick},
conference = {AAAI Conference on Artificial Intelligence and Interactive Digital Entertainment},
year={2012}
}
